%% This BibTeX bibliography file was created using BibDesk.
%% http://bibdesk.sourceforge.net/

%% Created for SGL-Pro-chef at 2021-10-23 17:41:17 +0200 


%% Saved with string encoding Unicode (UTF-8) 



@article{mojica2014large,
	author = {I. J. {Mojica} and B. {Adams} and M. {Nagappan} and S. {Dienst} and T. {Berger} and A. E. {Hassan}},
	journal = {IEEE Software},
	number = {2},
	pages = {78-86},
	title = {{A Large-Scale Empirical Study on Software Reuse in Mobile Apps}},
	volume = {31},
	year = {2014}}

@inproceedings{Zhou:2020,
	author = {Zhou, Shurui and Vasilescu, Bogdan and K\"{a}stner, Christian},
	booktitle = {International Conference on Software Engineering},
	date-modified = {2021-10-23 17:28:10 +0200},
	isbn = {9781450371223},
	location = {Seoul, South Korea},
	pages = {268--269},
	publisher = {ACM},
	title = {How Has Forking Changed in the Last 20 Years? A Study of Hard Forks on {GitHub}},
	year = {2020}}

@article{berger.ea:2020:emse,
	author = {Berger, Thorsten and Stegh{\"o}fer, Jan-Philipp and Ziadi, Tewfik and Robin, Jacques and Martinez, Jabier},
	journal = {Empirical Software Engineering},
	month = {01},
	title = {{The State of Adoption and the Challenges of Systematic Variability Management in Industry}},
	year = {2019}}

@inproceedings{lungu:2008,
	author = {M. {Lungu}},
	booktitle = {2008 IEEE International Conference on Software Maintenance},
	pages = {428-431},
	title = {{Towards reverse engineering software ecosystems}},
	year = {2008}}

@inproceedings{decan:2017,
	author = {A. {Decan} and T. {Mens} and M. {Claes}},
	booktitle = {International Conference on Software Analysis, Evolution and Reengineering (SANER)},
	pages = {2-12},
	title = {{An empirical comparison of dependency issues in OSS packaging ecosystems}},
	year = {2017}}

@misc{repo,
	howpublished = {https://github.com/hui8958/Marlin/tree/MarlinFeatureAnnotations},
	title = {"Online Appendix"}}

@incollection{zimmermann2016card,
	author = {Zimmermann, Thomas},
	booktitle = {Perspectives on Data Science for Software Engineering},
	pages = {137--141},
	publisher = {Elsevier},
	title = {Card-sorting: From text to themes},
	year = {2016}}

@inproceedings{Stefan:variants:2015,
	author = {Stefan Stanciulescu and Sandro Schulze and Andrzej Wasowski},
	booktitle = {2015 {IEEE} International Conference on Software Maintenance and Evolution, {ICSME} 2015, Bremen, Germany, September 29 - October 1, 2015},
	editor = {Rainer Koschke and Jens Krinke and Martin P. Robillard},
	pages = {151--160},
	publisher = {{IEEE} Computer Society},
	title = {Forked and integrated variants in an open-source firmware project},
	year = {2015}}

@misc{squash,
	author = {Scott Chacon and Ben Straub},
	howpublished = {https://git-scm.com/book/en/v2/Git-Tools-Rewriting-History},
	title = {"{Git Tools - Rewriting History}"},
	year = {2014}}

@misc{BSD,
	author = {Wikipedia},
	howpublished = {https://en.wikipedia.org/wiki/Comparison\_of\_BSD\_operating\_systems},
	title = {"Comparison of BSD operating systems "}}

@misc{Openoffice,
	author = {Wikipedia},
	howpublished = {https://en.wikipedia.org/wiki/OpenOffice.org},
	title = {"OpenOffice.org"}}

@misc{pete,
	author = {Pete Bratach},
	howpublished = {https://thenewstack.io/open-source-projects-fork/},
	title = {Why {D}o {O}pen {S}ource {P}rojects {F}ork?},
	year = {2017}}

@misc{XEmacs,
	author = {Wikipedia},
	howpublished = {https://en.wikipedia.org/wiki/XEmacs},
	title = {"XEmacs"}}

@misc{gcc,
	author = {Wikipedia},
	howpublished = {https://en.wikipedia.org/wiki/GNU\_Compiler\_Collection},
	title = {"GNU Compiler Collection"}}

@inproceedings{Li:SimiDroid:2017,
	author = {L. {Li} and T. F. {Bissyand{\'e}} and J. {Klein}},
	booktitle = {2017 IEEE Trustcom/BigDataSE/ICESS},
	pages = {136-143},
	title = {{SimiDroid}: {Identifying} and {Explaining} {Similarities} in {{Android}} Apps},
	year = {2017}}

@inproceedings{Zhou:Repackaged:2012,
	address = {New York, NY, USA},
	author = {Zhou, Wu and Zhou, Yajin and Jiang, Xuxian and Ning, Peng},
	booktitle = {Conference on Data and Application Security and Privacy},
	isbn = {9781450310918},
	numpages = {10},
	pages = {317--326},
	publisher = {Association for Computing Machinery},
	title = {{Detecting Repackaged Smartphone Applications in Third-Party {{Android}} Marketplaces}},
	year = {2012}}

@inproceedings{Yue:2017,
	author = {Yue, Shengtao and Feng, Weizan and Ma, Jun and Jiang, Yanyan and Tao, Xianping and Xu, Chang and Lu, Jian},
	booktitle = {International Conference on Program Comprehension},
	isbn = {9781538605356},
	keywords = {user interface, repackaging detection, obfuscation resilient, {{Android}} application},
	location = {Buenos Aires, Argentina},
	numpages = {11},
	pages = {132--142},
	publisher = {IEEE Press},
	series = {ICPC '17},
	title = {{RepDroid: An Automated Tool for {{Android}} Application Repackaging Detection}},
	year = {2017}}

@article{Lyn:2017,
	author = {Fang Lyu and Yaping Lin and Junfeng Yang},
	bibsource = {dblp computer science bibliography, https://dblp.org},
	journal = {Mobile Information Systems},
	pages = {6958698:1--6958698:12},
	title = {An Efficient and Packing-Resilient Two-Phase {Android} Cloned Application Detection Approach},
	volume = {2017},
	year = {2017}}

@article{Fan:2017:DAPASA,
	author = {M. {Fan} and J. {Liu} and W. {Wang} and H. {Li} and Z. {Tian} and T. {Liu}},
	journal = {IEEE Transactions on Information Forensics and Security},
	number = {8},
	pages = {1772-1785},
	title = {{DAPASA: Detecting {Android} Piggybacked Apps Through Sensitive Subgraph Analysis}},
	volume = {12},
	year = {2017}}

@article{Ke:2020:Dr-Droid2,
	author = {Ke Tian and Danfeng Yao and Ryder, {Barbara G.} and Gang Tan and Guojun Peng},
	day = {1},
	issn = {1545-5971},
	journal = {IEEE Transactions on Dependable and Secure Computing},
	month = jan,
	number = {1},
	pages = {64--77},
	publisher = {Institute of Electrical and Electronics Engineers Inc.},
	title = {Detection of Repackaged {Android} Malware with Code-Heterogeneity Features},
	volume = {17},
	year = {2020}}

@inproceedings{Glanz:2017:CodeMatch,
	author = {Glanz, Leonid and Amann, Sven and Eichberg, Michael and Reif, Michael and Hermann, Ben and Lerch, Johannes and Mezini, Mira},
	booktitle = {The ACM Joint European Software Engineering Conference and Symposium on the Foundations of Software Engineering},
	numpages = {11},
	pages = {638--648},
	series = {ESEC/FSE 2017},
	title = {{CodeMatch: Obfuscation Won't Conceal Your Repackaged App}},
	year = {2017}}

@article{Li:Survey:2019,
	author = {L. {Li} and T. F. {Bissyande} and J. {Klein}},
	journal = {IEEE Transactions on Software Engineering},
	pages = {1-1},
	title = {{Rebooting Research on Detecting Repackaged {Android} Apps: Literature Review and Benchmark}},
	year = {2019}}

@inproceedings{decan:2016:ECSAW,
	address = {New York, NY, USA},
	articleno = {21},
	author = {Decan, Alexandre and Mens, Tom and Claes, Maelick},
	booktitle = {The European Conference on Software Architecture Workshops},
	isbn = {9781450347815},
	keywords = {software distribution, software ecosystem, component dependency graph, Python, R, JavaScript},
	location = {Copenhagen, Denmark},
	numpages = {4},
	publisher = {Association for Computing Machinery},
	series = {ECSAW '16},
	title = {{On the Topology of Package Dependency Networks: A Comparison of Three Programming Language Ecosystems}},
	year = {2016}}

@misc{poppler,
	howpublished = {https://poppler.freedesktop.org},
	title = {"Fork of xpdf with use of the Poppler library"}}

@misc{libraries.io,
	author = {Andrew Nesbitt and Mike Young},
	howpublished = {https://libraries.io},
	month = {February},
	title = {Libraries.io open source repository and dependency metadata,},
	year = {2019}}

@misc{Owen:2015,
	author = {Owen Williams},
	howpublished = {https://thenextweb.com/dd/2015/06/16/node-js-and-io-js-are-settling-their-differences-merging-back-together/},
	title = {``Node.js and io.js are settling their differences, merging back together''},
	year = {2015}}

@misc{Lauren:2014,
	author = {Lauren Orsini},
	howpublished = {https://readwrite.com/2014/12/10/node-js-io-js-developers-faq/},
	title = {``What Developers Need To Know About The Node.js Fork ''},
	year = {2014}}

@misc{openbsd,
	author = {Eugenia Loli},
	howpublished = {https://www.osnews.com/story/1455/openbsd-moderation-removal-by-netbsd-team/},
	title = {OpenBSD Moderation Removal by NetBSD Team},
	year = {2002}}

@misc{rebasing,
	author = {Scott Vandehey},
	howpublished = {https://cloudfour.com/thinks/squashing-your-pull-requests/},
	title = {Rebase and Merge},
	year = {2019}}

@misc{git,
	howpublished = {https://www.atlassian.com/git/tutorials/merging-vs-rebasing},
	title = {"Merging vs. Rebasing"}}

@misc{pullrequests,
	author = {2020 {GitHub}, Inc.},
	howpublished = {https://help.github.com/en/github/collaborating-with-issues-and-pull-requests/about-pull-request-merges},
	title = {"About pull request merges"}}

@inproceedings{Blincoe:2015,
	author = {Blincoe, Kelly and Harrison, Francis and Damian, Daniela},
	booktitle = {Working Conference on Mining Software Repositories},
	series = {MSR'15},
	title = {Ecosystems in {GitHub} and a Method for Ecosystem Identification Using Reference Coupling},
	year = {2015}}

@inproceedings{CzarneckiGenerative,
	address = {Berlin, Heidelberg},
	author = {Czarnecki, Krzysztof},
	booktitle = {Unconventional Programming Paradigms},
	editor = {Ban{\^a}tre, Jean-Pierre and Fradet, Pascal and Giavitto, Jean-Louis and Michel, Olivier},
	isbn = {978-3-540-31482-0},
	pages = {326--341},
	publisher = {Springer Berlin Heidelberg},
	title = {{Overview of Generative Software Development}},
	year = {2005}}

@inproceedings{Linsbauer:2017,
	author = {Linsbauer, Lukas and Berger, Thorsten and Gr\"{u}nbacher, Paul},
	booktitle = {International Conference on Generative Programming: Concepts and Experiences},
	series = {GPCE'17},
	title = {{A Classification of Variation Control Systems}},
	year = {2017}}

@article{businge:emse:2021,
	author = {John Businge and Moses Openja and Sarah Nadi and Thorsten Berger},
	date-modified = {2021-10-23 17:29:37 +0200},
	journal = {Journal of Empirical Software Engineering},
	title = {Reuse and Maintenance Practices among Divergent Forks in Three Software Ecosystems},
	year = {2021}}

@inproceedings{Linsbauer:2016,
	acmid = {2889262},
	address = {New York, NY, USA},
	author = {Linsbauer, Lukas and Egyed, Alexander and Lopez-Herrejon, Roberto Erick},
	booktitle = {International Conference on Software Engineering Companion},
	isbn = {978-1-4503-4205-6},
	keywords = {configuration, features, variability, variants, versioning},
	location = {Austin, Texas},
	numpages = {4},
	pages = {803--806},
	publisher = {ACM},
	series = {ICSE '16},
	title = {{A Variability Aware Configuration Management and Revision Control Platform}},
	year = {2016}}

@article{lLi:2017,
	author = {Li Li and Jun Gao and M{\'{e}}d{\'{e}}ric Hurier and Pingfan Kong and Tegawend{\'{e}} F. Bissyand{\'{e}} and Alexandre Bartel and Jacques Klein and Yves Le Traon},
	journal = {CoRR},
	timestamp = {Thu, 05 Oct 2017 09:42:57 +0200},
	title = {AndroZoo++: Collecting Millions of {{Android}} Apps and Their Metadata for the Research Community},
	volume = {abs/1709.05281},
	year = {2017}}

@article{Schmid:2013,
	author = {Klaus Schmid and Holger Eichelberger and Christian Kr{\"o}her},
	date = {2013-01-28},
	journal = {Journal of Universal Computer Science},
	month = {jan},
	number = {2},
	pages = {233--253},
	title = {Domain-Oriented Customization of Service Platforms: Combining Product Line Engineering and Service-Oriented Computing},
	volume = {19},
	year = {2013}}

@inproceedings{Gousios:2015,
	acmid = {2818800},
	address = {Piscataway, NJ, USA},
	author = {Gousios, Georgios and Zaidman, Andy and Storey, Margaret-Anne and van Deursen, Arie},
	booktitle = {International Conference on Software Engineering - Volume 1},
	isbn = {978-1-4799-1934-5},
	location = {Florence, Italy},
	numpages = {11},
	pages = {358--368},
	publisher = {IEEE Press},
	series = {ICSE '15},
	title = {Work Practices and Challenges in Pull-based Development: The Integrator's Perspective},
	url = {http://dl.acm.org/citation.cfm?id=2818754.2818800},
	year = {2015},
	bdsk-url-1 = {http://dl.acm.org/citation.cfm?id=2818754.2818800}}

@inproceedings{Wang:2017,
	acmid = {3052712},
	address = {Republic and Canton of Geneva, Switzerland},
	author = {Wang, Haoyu and Liu, Zhe and Guo, Yao and Chen, Xiangqun and Zhang, Miao and Xu, Guoai and Hong, Jason},
	booktitle = {International Conference on World Wide Web},
	isbn = {978-1-4503-4913-0},
	keywords = {{Android}, app clone, app developers, app ecosystem, google play, mobile apps, mobile privacy},
	location = {Perth, Australia},
	numpages = {10},
	pages = {163--172},
	publisher = {International World Wide Web Conferences Steering Committee},
	series = {WWW '17},
	title = {{An Explorative Study of the Mobile App Ecosystem from App Developers' Perspective}},
	year = {2017}}

@book{chacon:2014,
	author = {Scott Chacon and Ben Straub},
	publisher = {Apress},
	title = {Pro Git},
	year = {2014}}

@book{Flick:2014,
	address = {London},
	author = {Flick Uwe},
	publisher = {Sage Publications},
	title = {{An Introduction to Qualitative Research}},
	year = {2014}}

@inproceedings{Seidl:2014,
	author = {Seidl, Christoph and Schaefer, Ina and Assmann, Uwe},
	booktitle = {SPLC},
	title = {Integrated Management of Variability in Space and Time in Software Families},
	year = {2014}}

@article{sattler.ea:2017:ase,
	author = {Florian Sattler and Alexander von Rhein and Thorsten Berger and Niklas Schalck Johansson and Mikael Mark Hard{\o} and Sven Apel},
	issue = {2},
	journal = {Automated Software Engineering},
	keywords = {sattler.ea:2017:ase},
	month = {Jun},
	pages = {315--346},
	publisher = {Springer US},
	title = {Lifting Inter-App Data-Flow Analysis to Large App Sets},
	volume = {25},
	year = 2018}

@inproceedings{Weber:2015,
	author = {Werber, Jens H. and Katahoire, Anita and Price, Morgan},
	booktitle = {VaMoS},
	title = {Uncovering Variability Models for Software Ecosystems from Multi-Repository Structures},
	year = {2015}}

@article{Berger:Mechanisms2014,
	author = {Thorsten Berger and Rolf{-}Helge Pfeiffer and Reinhard Tartler and Steffen Dienst and Krzysztof Czarnecki and Andrzej Wasowski and Steven She},
	journal = {Information {\&} Software Technology},
	number = {11},
	pages = {1520--1535},
	title = {Variability mechanisms in software ecosystems},
	volume = {56},
	year = {2014}}

@inproceedings{Zhao:2017,
	acmid = {3155575},
	address = {Piscataway, NJ, USA},
	author = {Zhao, Yangyang and Serebrenik, Alexander and Zhou, Yuming and Filkov, Vladimir and Vasilescu, Bogdan},
	booktitle = {International Conference on Automated Software Engineering},
	isbn = {978-1-5386-2684-9},
	location = {Urbana-Champaign, IL, USA},
	numpages = {12},
	pages = {60--71},
	publisher = {IEEE Press},
	series = {ASE 2017},
	title = {The Impact of Continuous Integration on Other Software Development Practices: A Large-scale Empirical Study},
	year = {2017}}

@inproceedings{Gousios:2016,
	acmid = {2884826},
	address = {New York, NY, USA},
	author = {Gousios, Georgios and Storey, Margaret-Anne and Bacchelli, Alberto},
	booktitle = {International Conference on Software Engineering},
	isbn = {978-1-4503-3900-1},
	keywords = {GitHub, distributed software development, open source contribution, pull request, pull-based development},
	location = {Austin, Texas},
	numpages = {12},
	pages = {285--296},
	publisher = {ACM},
	series = {ICSE '16},
	title = {{Work Practices and Challenges in Pull-based Development: The Contributor's Perspective}},
	year = {2016}}

@inproceedings{Metzeger:2007,
	author = {A. Metzger and K. Pohl},
	booktitle = {Software Engineering - Companion, 2007. ICSE 2007 Companion. 29th International Conference on},
	month = {May},
	pages = {186-187},
	title = {{Variability Management in Software Product Line Engineering}},
	year = {2007}}

@inproceedings{Dabbish:2012,
	author = {Dabbish, Laura and Stuart, Colleen and Tsay, Jason and Herbsleb, Jim},
	booktitle = {CSCW},
	title = {Social Coding in {GitHub}: Transparency and Collaboration in an Open Software Repository},
	year = {2012}}

@misc{Wheeler:2015Forking,
	author = {David A. Wheeler},
	howpublished = {https://dwheeler.com/oss\_fs\_why.html\#forking},
	note = {Revised as of July 18, 2015},
	title = {``Forking''},
	year = {2009}}

@misc{theo:openbsd,
	author = {Theo de Raadt},
	howpublished = {https://zeus.theos.com/deraadt/coremail.html},
	note = {retrieved October 2021},
	title = {{Theo de Raadt's dispute w/ NetBSD}},
	year = {2006}}

@inproceedings{Gregorio:2012,
	author = {Robles, Gregorio and Gonz{\'a}lez-Barahona, Jes{\'u}s M.},
	booktitle = {Open Source Systems: Long-Term Sustainability},
	pages = {1--14},
	title = {A Comprehensive Study of Software Forks: Dates, Reasons and Outcomes},
	year = {2012}}

@article{Mende:2009,
	author = {Mende Thilo and Koschke Rainer and Beckwermert Felix},
	journal = {Journal of Software Maintenance and Evolution: Research and Practice},
	number = {2},
	pages = {143-169},
	title = {An evaluation of code similarity identification for the grow‐and‐prune model},
	volume = {21},
	year = {2009}}

@article{Garrison:2006,
	author = {Garrison, D. and Cleveland-Innes, Martha and Koole, Marguerite and Kappelman, James},
	journal = {The Internet and Higher Education},
	month = {03},
	pages = {1-8},
	title = {{Revisiting methodological issues in transcript analysis: Negotiated coding and reliability}},
	volume = {9},
	year = {2006}}

@article{Corbin:1990,
	author = {Corbin, Juliet M. and Strauss, Anselm},
	journal = {Software: Practice and Experience},
	number = {10},
	pages = {933-955},
	title = {Grounded theory research: Procedures, canons, and evaluative criteria (article)},
	volume = {33},
	year = {1990}}

@article{Faust:2003,
	author = {Faust D and Verhoef C},
	journal = {Qualitative Sociology},
	number = {1},
	pages = {3-21},
	title = {Software product line migration and deployment},
	volume = {13},
	year = {2003}}

@article{Schmid:2004,
	author = {Schmid, Klaus and John, Isabel},
	issn = {0167-6423},
	issue_date = {December 2004},
	journal = {Sci. Comput. Program.},
	month = dec,
	number = {3},
	numpages = {26},
	pages = {259--284},
	title = {{A Customizable Approach to Full Lifecycle Variability Management}},
	volume = {53},
	year = {2004}}

@inproceedings{Czarnecki:2005,
	author = {Czarnecki, Krzysztof},
	booktitle = {Unconventional Programming Paradigms},
	pages = {326--341},
	title = {Overview of Generative Software Development},
	year = {2005}}

@article{Ernst:2010,
	author = {Neil A. Ernst and Steve M. Easterbrook and John Mylopoulos},
	journal = {ArXiv},
	title = {Code forking in open-source software: a requirements perspective},
	volume = {abs/1004.2889},
	year = {2010}}

@inproceedings{Linus:2011ToFork,
	author = {Nyman, Linus and Mikkonen, Tommi},
	booktitle = {Open Source Systems: Grounding Research},
	date-modified = {2021-10-23 17:25:03 +0200},
	pages = {259--268},
	title = {To Fork or Not to Fork: Fork Motivations in {SourceForge} Projects},
	year = {2011}}

@inproceedings{Linus:2012Perspectives,
	author = {Nyman, Linus and Mikkonen, Tommi and Lindman, Juho and Foug{\`e}re, Martin},
	booktitle = {Open Source Systems: Long-Term Sustainability},
	pages = {274--279},
	title = {Perspectives on Code {Forking} and {Sustainability} in Open Source Software},
	year = {2012}}

@article{Viseur:2012Forks,
	author = {Viseur, Robert},
	date-modified = {2021-10-23 17:24:01 +0200},
	journal = {International Journal of Advanced Computer Science and Applications},
	month = {February},
	number = {2},
	title = {Forks impacts and motivations in free and open source projects},
	volume = {3},
	year = {2012}}

@inproceedings{ray:2013:ASE,
	author = {Ray, Baishakhi and Kim, Miryung and Person, Suzette and Rungta, Neha},
	booktitle = {International Conference on Automated Software Engineering},
	isbn = {9781479902156},
	numpages = {11},
	pages = {367--377},
	title = {Detecting and {Characterizing} {Semantic} {Inconsistencies} in {Ported} {Code}},
	year = {2013}}

@inproceedings{Ren:2019,
	author = {Ren, Luyao},
	booktitle = {Joint European Software Engineering Conference and Symposium on the Foundations of Software Engineering},
	date-modified = {2021-10-23 17:39:38 +0200},
	numpages = {3},
	pages = {1199--1201},
	title = {Automated Patch Porting across Forked Projects},
	year = {2019}}

@inproceedings{Antkiewicz:icse:2014,
	author = {Antkiewicz, Micha\l{} and Ji, Wenbin and Berger, Thorsten and Czarnecki, Krzysztof and Schmorleiz, Thomas and L\"{a}mmel, Ralf and St\u{a}nciulescu, undefinedtefan and W\k{a}sowski, Andrzej and Schaefer, Ina},
	booktitle = {Companion of the International Conference on Software Engineering},
	pages = {532--535},
	title = {{Flexible Product Line Engineering with a Virtual Platform}},
	year = {2014}}

@inproceedings{Montalvillo:spl:2015,
	author = {Montalvillo, Leticia and D\'{\i}az, Oscar},
	booktitle = {International Conference on Software Product Lines},
	date-modified = {2021-10-23 17:41:16 +0200},
	pages = {111--120},
	title = {Tuning {GitHub} for {SPL} Development: Branching Models \& Repository Operations for Product Engineers},
	year = {2015}}

@article{Furnham:1986,
	author = {Adrian Furnham},
	journal = {Personality and Individual Differences},
	number = {3},
	pages = {385-400},
	title = {Response bias, social desirability and dissimulation},
	volume = {7},
	year = {1986}}

@inproceedings{tommens:2020,
	author = {Tom Mens},
	booktitle = {International Conference on the Quality of Information and Communications Technology},
	date-modified = {2021-10-23 17:35:38 +0200},
	title = {Is my software ecosystem healthy? It depends! (KeyNote)},
	year = {2020}}

@inproceedings{Laura:2012:CSCW,
	author = {Dabbish, Laura and Stuart, Colleen and Tsay, Jason and Herbsleb, Jim},
	booktitle = {Conference on Computer Supported Cooperative Work},
	numpages = {10},
	pages = {1277--1286},
	title = {{Social Coding in GitHub: Transparency and Collaboration in an Open Software Repository}},
	year = {2012}}

@inproceedings{Christian:MSR:2012,
	author = {Rodr{\'\i}guez-Bustos, Christian and Aponte, Jairo},
	booktitle = {Working Conference on Mining Software Repositories},
	date-modified = {2021-10-23 17:39:21 +0200},
	pages = {36-39},
	publisher = {IEEE},
	title = {How Distributed Version Control Systems impact open source software projects},
	year = {2012}}

@inproceedings{Stefan:2016:icsme,
	author = {Stanciulescu, Stefan and Berger, Thorsten and Walkingshaw, Eric and Wasowski, Andrzej},
	booktitle = {International Conference on Software Maintenance and Evolution (ICSME)},
	pages = {323-333},
	title = {Concepts, Operations, and Feasibility of a Projection-Based Variation Control System},
	year = {2016}}

@inproceedings{rubin:icse:2013,
	author = {Rubin, Julia and Chechik, Marsha},
	booktitle = {International Conference on Software Engineering},
	date-modified = {2021-10-23 17:40:44 +0200},
	pages = {1233-1236},
	publisher = {IEEE},
	title = {A framework for managing cloned product variants},
	year = {2013}}

@inproceedings{Fischer:saner:2014,
	author = {Fischer, Stefan and Linsbauer, Lukas and Lopez-Herrejon, Roberto Erick and Egyed, Alexander},
	booktitle = {International Conference on Software Maintenance and Evolution},
	pages = {391-400},
	title = {Enhancing Clone-and-Own with Systematic Reuse for Developing Software Variants},
	year = {2014}}

@article{Linus:2013CodeForking,
	author = {Linus Nyman and Juho Lindman},
	date-modified = {2021-10-23 17:25:24 +0200},
	journal = {Technology Innovation Management Review},
	month = {January},
	pages = {7-12},
	title = {Code Forking, Governance, and Sustainability in Open Source Software},
	volume = {3},
	year = {2013}}

@article{Gamalielsson:2014Sustainability,
	author = {Jonas Gamalielsson and Bj{\"o}rn Lundell},
	issn = {0164-1212},
	journal = {Journal of Systems and Software},
	keywords = {Open Source software, Fork, Community evolution},
	pages = {128 - 145},
	title = {Sustainability of Open Source software communities beyond a fork: How and why has the LibreOffice project evolved?},
	volume = {89},
	year = {2014}}

@inproceedings{Linus:2014Hackers,
	author = {Nyman, Linus},
	booktitle = {The International Symposium on Open Collaboration},
	numpages = {10},
	pages = {1--10},
	title = {{Hackers on Forking}},
	year = {2014}}

@article{Lo:2017,
	address = {USA},
	author = {Jiang, Jing and Lo, David and He, Jiahuan and Xia, Xin and Kochhar, Pavneet Singh and Zhang, Li},
	issue_date = {February 2017},
	journal = {Empirical Softw. Engg.},
	keywords = {Fork, GitHub, Open source software},
	month = feb,
	number = {1},
	numpages = {32},
	pages = {547--578},
	publisher = {Kluwer Academic Publishers},
	title = {Why and How Developers Fork What from Whom in {GitHub}},
	volume = {22},
	year = {2017}}

@inproceedings{Zhou:2019,
	author = {Zhou, Shurui and Vasilescu, Bogdan and K\"{a}stner, Christian},
	booktitle = {The Joint Meeting on European Software Engineering Conference and Symposium on the Foundations of Software Engineering},
	numpages = {12},
	pages = {350--361},
	title = {What the Fork: A Study of Inefficient and Efficient Forking Practices in Social Coding},
	year = {2019}}

@misc{Dixion:2009Forks,
	author = {James Dixion},
	date-modified = {2021-10-23 17:31:34 +0200},
	howpublished = {https://jamesdixon.wordpress.com/2009/05/13/different-kinds-of-open-source-forks-salad-dinner-and-fish/},
	title = {Different Kinds of Open Source Forks: Salad, Dinner, and Fish },
	year = {2009}}

@misc{Rick:2007Fear,
	author = {Rick Moen},
	howpublished = {http://linuxmafia.com/faq/Licensing_and\_Law/forking.html},
	title = {``Fear of Forking essay''},
	year = {2007}}

@inproceedings{Dabbish:2012Social,
	author = {Dabbish, Laura and Stuart, Colleen and Tsay, Jason and Herbsleb, Jim},
	booktitle = {The Conference on Computer Supported Cooperative Work},
	numpages = {10},
	pages = {1277--1286},
	title = {Social Coding in {GitHub}: Transparency and Collaboration in an Open Software Repository},
	year = {2012}}

@inproceedings{Zhou:2018,
	author = {Zhou, Shurui and St\u{a}nciulescu, \c{S}tefan and Le\ss{}enich, Olaf and Xiong, Yingfei and Wasowski, Andrzej and K\"{a}stner, Christian},
	booktitle = {The International Conference on Software Engineering},
	numpages = {12},
	pages = {105--116},
	title = {Identifying Features in Forks},
	year = {2018}}

@inproceedings{Steinmacher:2018,
	author = {Steinmacher, Igor and Pinto, Gustavo and Wiese, Igor Scaliante and Gerosa, Marco A.},
	booktitle = {The International Conference on Software Engineering},
	numpages = {11},
	pages = {256--266},
	title = {Almost There: A Study on Quasi-Contributors in Open Source Software Projects},
	year = {2018}}

@inproceedings{Gousios:2014ICSE,
	author = {Gousios, Georgios and Pinzger, Martin and van Deursen, Arie},
	booktitle = {International Conference on Software Engineering},
	date-modified = {2021-10-23 17:27:36 +0200},
	keywords = {pull request, empirical software engineering, distributed software development, Pull-based development},
	location = {Hyderabad, India},
	pages = {345--355},
	title = {An Exploratory Study of the Pull-Based Software Development Model},
	year = {2014}}

@inproceedings{businge:2019Saner,
	author = {J. Businge and M. Openja and D. Kavaler and E. Bainomugisha and F. Khomh and V. Filkov},
	booktitle = {International Conference on Software Analysis, Evolution and Reengineering},
	date-modified = {2021-10-23 17:34:25 +0200},
	pages = {287-297},
	title = {Studying {Android} App Popularity by Cross-Linking {GitHub} and {Google Play} Store},
	year = {2019}}

@inproceedings{businge:2018icsme,
	author = {John Businge and Moses Openja and Sarah Nadi and Engineer Bainomugisha and Thorsten Berger},
	booktitle = {International Conference on Software Maintenance and Evolution},
	date-modified = {2021-10-23 17:35:00 +0200},
	pages = {625--634},
	publisher = {IEEE},
	title = {Clone-Based Variability Management in the {{Android}} Ecosystem},
	year = {2018}}

@article{fung:2012,
	author = {Kam Hay Fung and Ayb{\"u}ke Aurum and David Tang},
	journal = {CAiSE Forum},
	pages = {50-57},
	title = {Social Forking in Open Source Software: An Empirical Study.},
	year = 2012}

@article{Munaiah2017,
	author = {Munaiah, Nuthan and Kroh, Steven and Cabrey, Craig and Nagappan, Meiyappan},
	day = {01},
	issn = {1573-7616},
	journal = {Empirical Software Engineering},
	month = {Dec},
	number = {6},
	pages = {3219--3253},
	title = {Curating {GitHub} for engineered software projects},
	volume = {22},
	year = {2017}}

@inproceedings{Rahman:2011,
	author = {Rahman, Foyzur and Devanbu, Premkumar},
	booktitle = {Pro. of the 33rd International Conference on Software Engineering},
	title = {Ownership, Experience and Defects: A Fine-grained Study of Authorship},
	year = {2011}}

@inproceedings{Bird:icse2011,
	author = {Bird, Christian and Nagappan, Nachiappan and Murphy, Brendan and Gall, Harald and Devanbu, Premkumar},
	booktitle = {The Symposium and the 13th European Conference on Foundations of Software Engineering},
	title = {Don'T Touch My Code!: Examining the Effects of Ownership on Software Quality},
	year = {2011}}

@inproceedings{Devanbu:2011,
	acmid = {1985860},
	address = {New York, NY, USA},
	author = {Rahman, Foyzur and Devanbu, Premkumar},
	booktitle = {The International Conference on Software Engineering},
	isbn = {978-1-4503-0445-0},
	keywords = {collaboration, experience, ownership, software quality},
	location = {Waikiki, Honolulu, HI, USA},
	numpages = {10},
	pages = {491--500},
	publisher = {ACM},
	series = {ICSE '11},
	title = {Ownership, Experience and Defects: A Fine-grained Study of Authorship},
	year = {2011}}

@inproceedings{Businge:2017,
	author = {Businge, John and Kawuma, Simon and Bainomugisha, Engineer and Khomh, Foutse and Nabaasa, Evarist},
	booktitle = {PROMISE},
	title = {Code Authorship and Fault-proneness of Open-Source {{Android}} Applications: An Empirical Study},
	year = {2017}}

@article{hunsen2015preprocessor,
	author = {Hunsen, Claus and Zhang, Bo and Siegmund, Janet and K{\"a}stner, Christian and Le{\ss}enich, Olaf and Becker, Martin and Apel, Sven},
	journal = {Empirical Software Engineering},
	number = {2},
	pages = {449-482},
	title = {{Preprocessor-Based Variability in Open-Source and Industrial Software Systems: An Empirical Study}},
	volume = {21},
	year = {2015}}

@inproceedings{couto2011extracting,
	author = {Couto, Marcus Vinicius and Valente, Marco Tulio and Figueiredo, Eduardo},
	booktitle = {CSMR},
	pages = {191-200},
	publisher = {IEEE},
	title = {{Extracting Software Product Lines: A Case Study Using Conditional Compilation}},
	year = {2011}}

@inproceedings{Martinez:2017:ECE:3109729.3109748,
	author = {Martinez, Jabier and Assun\c{c}\~{a}o, Wesley K. G. and Ziadi, Tewfik},
	booktitle = {SPLC},
	pages = {38--41},
	publisher = {ACM},
	title = {{ESPLA: A Catalog of Extractive SPL Adoption Case Studies}},
	year = {2017}}

@article{eaddy:tse:2008,
	author = {Eaddy, Marc and Zimmermann, Thomas and Sherwood, Kaitlin D. and Garg, Vibhav and Murphy, Gail C. and Nagappan, Nachiappan and Aho, Alfred V.},
	journal = {IEEE Transactions on Software Engineering},
	number = {4},
	pages = {497-515},
	publisher = {IEEE},
	title = {{Do Crosscutting Concerns Cause Defects?}},
	volume = {34},
	year = {2008}}

@inproceedings{figueiredo:icpc:2009,
	author = {Figueiredo, Eduardo and da Silva, Bruno Carreiro and Sant'Anna, Cl\'{a}udio and Garcia, Alessandro F. and Whittle, Jon and Nunes, Daltro Jos\'{e}},
	booktitle = {ICPC},
	pages = {138-147},
	publisher = {IEEE},
	title = {{Crosscutting Patterns and Design Stability: An Exploratory Analysis}},
	year = {2009}}

@article{robillard:tosem:2007,
	author = {Robillard, Martin P. and Murphy, Gail C.},
	journal = {Transactions on Software Engineering Methodologies},
	number = {1},
	publisher = {ACM},
	title = {{Representing Concerns in Source Code}},
	volume = {16},
	year = {2007}}

@inproceedings{liebig.ea:2010:preprocessor,
	author = {J{\"o}rg Liebig and Sven Apel and Christian Lengauer and Christian K{\"a}stner and Michael Schulze},
	booktitle = {ICSE},
	pages = {105-114},
	title = {{An Analysis of the Variability in 40 Preprocessor-Based Software Product Lines}},
	year = {2010}}

@inproceedings{Robillard:2003:FTL:776816.776969,
	author = {Robillard, Martin P. and Murphy, Gail C.},
	booktitle = {ICSE},
	pages = {822-823},
	publisher = {IEEE},
	title = {{FEAT: A Tool for Locating, Describing, and Analyzing Concerns in Source Code}},
	year = {2003}}

@inproceedings{Antkiewicz:2013:CTP:2499777.2499779,
	author = {Antkiewicz, Micha{\l} and B\k{a}k, Kacper and Murashkin, Alexandr and Olaechea, Rafael and Liang, Jia H. J. and Czarnecki, Krzysztof},
	booktitle = {SPLC},
	pages = {130-135},
	publisher = {ACM},
	title = {{Clafer Tools for Product Line Engineering}},
	year = {2013}}

@inproceedings{olszak:2011:featureous,
	author = {Olszak, Andrzej and Jorgensen, Bo Norregaard},
	booktitle = {WCRE},
	pages = {435-436},
	publisher = {IEEE},
	title = {{Understanding Legacy Features with Featureous}},
	year = {2011}}

@article{poshyvanyk.ea:2007:featurelocation,
	author = {Poshyvanyk, Denys and Gueheneuc, Yann-Gael and Marcus, Andrian and Antoniol, Giuliano and Rajlich, Vaclav},
	journal = {IEEE Transactions on Software Engineering},
	number = {6},
	pages = {420-432},
	title = {{Feature Location Using Probabilistic Ranking of Methods Based on Execution Scenarios and Information Retrieval}},
	volume = {33},
	year = {2007}}

@inproceedings{biggerstaff.ea:1993:featurelocation,
	author = {Biggerstaff, Ted J. and Mitbander, Bharat G. and Webster, Dallas},
	booktitle = {ICSE},
	pages = {482-498},
	publisher = {IEEE},
	title = {{The Concept Assignment Problem in Program Understanding}},
	year = {1993}}

@inproceedings{Ren:2018,
	author = {L. {Ren} and S. {Zhou} and C. {K{\"a}stner}},
	booktitle = {The International Conference on Software Engineering: Companion (ICSE-Companion)},
	pages = {179-180},
	title = {Poster: Forks Insight: Providing an Overview of {GitHub} Forks},
	year = {2018}}

@inproceedings{passos.ea:2013:evolution,
	author = {Passos, Leonardo and Czarnecki, Krzysztof and Apel, Sven and W\k{a}sowski, Andrzej and K\"{a}stner, Christian and Guo, Jianmei},
	booktitle = {VaMoS},
	title = {{Feature-Oriented Software Evolution}},
	year = {2013}}

@inproceedings{berger.ea:2015:feature,
	author = {Thorsten Berger and Daniela Lettner and Julia Rubin and Paul Gr{\"u}nbacher and Adeline Silva and Martin Becker and Marsha Chechik and Krzysztof Czarnecki},
	booktitle = {SPLC},
	title = {What is a Feature? A Qualitative Study of Features in Industrial Software Product Lines},
	year = {2015}}

@incollection{andam2017florida,
	author = {Berima Andam and Andreas Burger and Thorsten Berger and Michel Chaudron},
	booktitle = {VaMoS},
	title = {{FLOrIDA: Feature LOcatIon DAshboard for Extracting and Visualizing Feature Traces}},
	year = {2017}}

@techreport{eia79,
	institution = {Electronic Industries Association},
	key = {EIA RS-274-D},
	title = {{Interchangeable Variable Block Data Format for Positioning, Contouring, and Contouring/Positioning Numerically Controlled Machines}},
	type = {Standard},
	year = {1979}}

@inproceedings{Tarr1999,
	author = {Tarr, Peri and Ossher, Harold and Harrison, William and Sutton,Jr., Stanley M.},
	booktitle = {ICSE},
	title = {{N Degrees of Separation: Multi-Dimensional Separation of Concerns}},
	year = {1999}}

@article{Fredricks2007,
	author = {Fredricks, Gregory A. and Nelsen, Roger B.},
	journal = {JSPI},
	number = {7},
	pages = {2143-2150},
	title = {{On the Relationship Between Spearman's Rho and Kendall's Tau for Pairs of Continuous Random Variables}},
	volume = {137},
	year = {2007}}

@inproceedings{Fluri2007,
	author = {Fluri, Beat and Wursch, Michael and Gall, Harald C.},
	booktitle = {WCRE},
	pages = {70-79},
	publisher = {IEEE},
	title = {{Do Code and Comments Co-Evolve? On the Relation Between Source Code and Comment Changes}},
	year = {2007}}

@article{Damevski2016,
	author = {Damevski, Kostadin and Shepherd, David and Pollock, Lori},
	journal = {Empirical Software Engineering},
	number = {2},
	pages = {724-747},
	title = {{A Field Study of How Developers Locate Features in Source Code}},
	volume = {21},
	year = {2016}}

@inproceedings{Stuanciulescu2015,
	author = {St{\u{a}}nciulescu, {\c{S}}tefan and Schulze, Sandro and W{\k{a}}sowski, Andrzej},
	booktitle = {ICSME},
	title = {{Forked and Integrated Variants in an Open-Source Firmware Project}},
	year = {2015}}

@inproceedings{Ray2012,
	author = {Ray, Baishakhi and Kim, Miryung},
	booktitle = {The ACM Joint European Software Engineering Conference and Symposium on the Foundations of Software Engineering},
	date-modified = {2021-10-23 17:38:41 +0200},
	pages = {53:1-53:11},
	publisher = {ACM},
	title = {A Case Study of Cross-System Porting in Forked Projects},
	year = {2012}}

@book{Kernighan1988,
	author = {Kernighan, Brian W. and Ritchie, Dennis M.},
	publisher = {Prentice Hall},
	title = {{The C Programming Language}},
	year = {1988}}

@inproceedings{Classen2008,
	author = {Classen, Andreas and Heymans, Patrick and Schobbens, Pierre-yves},
	booktitle = {FASE},
	pages = {16-30},
	publisher = {Springer},
	title = {{What's in a Feature: A Requirements Engineering Perspective}},
	year = {2008}}

@inproceedings{Wang2011,
	author = {Wang, Jinshui and Peng, Xin and Xing, Zhenchang and Zhao, Wenyun},
	booktitle = {ICSM},
	publisher = {IEEE},
	title = {{An Exploratory Study of Feature Location Process: Distinct Phases, Recurring Patterns, and Elementary Actions}},
	year = {2011}}

@article{Wang2013,
	author = {Wang, Jinshui and Peng, Xin and Xing, Zhenchang and Zhao, Wenyun},
	journal = {SMR},
	number = {11},
	title = {{How Developers Perform Feature Location Tasks: A Human-Centric and Process-Oriented Exploratory Study}},
	volume = {25},
	year = {2013}}

@article{Wilde2001,
	author = {Wilde, Norman and Buckellew, Michelle and Page, Henry and Rajilich, Vaclav and Pounds, La Treva},
	journal = {Journal of Systems and Software},
	number = {2},
	pages = {105-114},
	title = {{A Comparison of Methods for Locating Features in Legacy Software}},
	volume = {65},
	year = {2003}}

@article{Eisenbarth2003,
	author = {Eisenbarth, Thomas and Koschke, Rainer and Simon, Daniel},
	journal = {IEEE Transactions on Software Engineering},
	number = {3},
	pages = {210-224},
	title = {{Locating Features in Source Code}},
	volume = {29},
	year = {2003}}

@inproceedings{Jordan2015,
	author = {Jordan, Howell and Rosik, Jacek and Herold, Sebastian and Botterweck, Goetz and Buckley, Jim},
	booktitle = {ICPC},
	pages = {174-177},
	publisher = {IEEE},
	title = {{Manually Locating Features in Industrial Source Code: The Search Actions of Software Nomads}},
	year = {2015}}

@inproceedings{Ji2015,
	author = {Ji, Wenbin and Berger, Thorsten and Antkiewicz, Michal and Czarnecki, Krzysztof},
	booktitle = {SPLC},
	title = {{Maintaining Feature Traceability with Embedded Annotations}},
	year = {2015}}

@article{Dit2013,
	author = {Dit, Bogdan and Revelle, Meghan and Gethers, Malcom and Poshyvanyk, Denys},
	journal = {Journal of Software: Evolution and Process},
	number = {1},
	pages = {53-95},
	title = {{Feature Location in Source Code: A Taxonomy and Survey}},
	volume = {25},
	year = {2013}}

@inproceedings{Assuncao2014,
	author = {Assun{\c{c}}{\~{a}}o, Wesley Klewerton Guez and Vergilio, Silvia Regina},
	booktitle = {SPLC},
	publisher = {ACM},
	title = {{Feature Location for Software Product Line Migration: A Mapping Study}},
	year = {2014}}

@incollection{Rubin2013,
	author = {Rubin, Julia and Chechik, Marsha},
	booktitle = {Domain Engineering},
	pages = {29-58},
	publisher = {Springer},
	title = {{A Survey of Feature Location Techniques}},
	year = {2013}}

@incollection{Lozano2011,
	author = {Lozano, Angela},
	booktitle = {Advances in Conceptual Modeling. Recent Developments and New Directions},
	pages = {141-150},
	publisher = {Springer},
	title = {{An Overview of Techniques for Detecting Software Variability Concepts in Source Code}},
	year = {2011}}

@inproceedings{Kruger2017,
	author = {Kr{\"{u}}ger, Jacob and Nell, Louis and Fenske, Wolfram and Saake, Gunter and Leich, Thomas},
	booktitle = {SPLC},
	pages = {65-72},
	publisher = {ACM},
	title = {{Finding Lost Features in Cloned Systems}},
	year = {2017}}

@inproceedings{Krueger2002,
	author = {Krueger, Charles W.},
	booktitle = {PFE},
	pages = {282-293},
	publisher = {Springer},
	title = {{Easing the Transition to Software Mass Customization}},
	year = {2002}}

@article{German:2016:emse,
	address = {USA},
	author = {German, Daniel M. and Adams, Bram and Hassan, Ahmed E.},
	issue_date = {February 2016},
	journal = {Empirical Softw. Engg.},
	number = {1},
	pages = {260--299},
	publisher = {Kluwer Academic Publishers},
	title = {Continuously Mining Distributed Version Control Systems: An Empirical Study of How Linux Uses Git},
	volume = {21},
	year = {2016}}

@inproceedings{Igor:2018:ICSE,
	author = {Igor Steinmacher and Gustavo Pinto and Igor Scaliante Wiese and Marco Aur{\'{e}}lio Gerosa},
	booktitle = {Proceedings of the 40th International Conference on Software Engineering, {ICSE} 2018, Gothenburg, Sweden, May 27 - June 03, 2018},
	editor = {Michel Chaudron and Ivica Crnkovic and Marsha Chechik and Mark Harman},
	title = {Almost there: a study on quasi-contributors in open source software projects}}

@book{Raymond:Cathedral:2001,
	author = {Eric S. Raymond},
	publisher = {O'Reilly Media, Inc.},
	title = {{The Cathedral \& the Bazaar: Musings on linux and open source by an accidental revolutionary}},
	year = {2001}}

@book{Apel2013,
	author = {Apel, Sven and Batory, Don and K{\"{a}}stner, Christian and Saake, Gunter},
	publisher = {Springer},
	title = {{Feature-Oriented Software Product Lines}},
	year = {2013}}

@book{Laurent:2008,
	author = {Andrew St. Laurent},
	date-modified = {2021-10-23 17:30:04 +0200},
	publisher = {O'Reilly Media},
	title = {Understanding Open Source and Free Software Licensing},
	year = {2008}}

@book{Clements2002,
	author = {Clements, Paul C. and Northrop, Linda M.},
	publisher = {Addison-Wesley},
	title = {{Software Product Lines}},
	year = {2002}}

@article{Schaefer2012,
	_journal = {STTT},
	author = {Schaefer, Ina and Rabiser, Rick and Clarke, Dave and Bettini, Lorenzo and Benavides, David and Botterweck, Goetz and Pathak, Animesh and Trujillo, Salvador and Villela, Karina},
	journal = {International Journal on Software Tools for Technology Transfer},
	number = {5},
	pages = {477-495},
	title = {{Software Diversity: State of the Art and Perspectives}},
	volume = {14},
	year = {2012}}

@inproceedings{Czarnecki2012,
	author = {Czarnecki, Krzysztof and Gr{\"{u}}nbacher, Paul and Rabiser, Rick and Schmid, Klaus and W{\c{a}}sowski, Andrzej},
	booktitle = {VaMoS},
	title = {{Cool Features and Tough Decisions: A Comparison of Variability Modeling Approaches}},
	year = {2012}}

@incollection{Schobbens2006,
	author = {Schobbens, Pierre-Yves and Heymans, Patrick and Trigaux, Jean-Christophe},
	booktitle = {RE},
	pages = {139-148},
	publisher = {IEEE},
	title = {{Feature Diagrams: A Survey and a Formal Semantics}},
	year = {2006}}

@inproceedings{Knauber2002,
	author = {Knauber, Peter and Bermejo, Jesus and B{\"{o}}ckle, G{\"{u}}nter and Leite, Julio Cesar Sampaio Do Prado and van der Linden, Frank and Northrop, Linda M. and Stark, Michael and Weiss, David M.},
	booktitle = {PFE},
	pages = {155-163},
	publisher = {Springer},
	title = {{Quantifying Product Line Benefits}},
	year = {2002}}

@inproceedings{businge:benevol:2020,
	author = {John Businge and Alexandre Decan and Ahmed Zerouali and Tom Mens and Serge Demeyer},
	booktitle = {The Belgium-Netherlands Software Evolution Workshop},
	date-modified = {2021-10-23 17:33:33 +0200},
	publisher = {CEUR-WS.org},
	series = {{CEUR} Workshop Proceedings},
	title = {An Empirical Investigation of Forks as Variants in the npm Package Distribution},
	volume = {2912},
	year = {2020}}

@inproceedings{Berger2013,
	author = {Berger, Thorsten and Rublack, Ralf and Nair, Divya and Atlee, Joanne M. and Becker, Martin and Czarnecki, Krzysztof and W{\c{a}}sowski, Andrzej},
	booktitle = {VaMoS},
	mendeley-groups = {Software Product Line},
	pages = {1-8},
	publisher = {ACM},
	title = {{A Survey of Variability Modeling in Industrial Practice}},
	year = {2013}}

@inproceedings{Fischer2014,
	author = {Fischer, Stefan and Linsbauer, Lukas and Lopez-Herrejon, Roberto Erick and Egyed, Alexander},
	booktitle = {ICSME},
	pages = {391-400},
	publisher = {IEEE},
	title = {{Enhancing Clone-and-Own with Systematic Reuse for Developing Software Variants}},
	year = {2014}}

@inproceedings{Dubinsky2013,
	author = {Dubinsky, Yael and Rubin, Julia and Berger, Thorsten and Duszynski, Slawomir and Becker, Martin and Czarnecki, Krzysztof},
	booktitle = {CSMR},
	title = {An Exploratory Study of Cloning in Industrial Software Product Lines},
	year = {2013}}

@inproceedings{Medeiros2015,
	author = {Medeiros, Fl{\'{a}}vio and K{\"{a}}stner, Christian and Ribeiro, M{\'{a}}rcio and Nadi, Sarah and Gheyi, Rohit},
	booktitle = {ECOOP},
	title = {{The Love/Hate Relationship with the C Preprocessor: An Interview Study}},
	year = {2015}}

@inproceedings{Kruger2016,
	author = {Kr{\"{u}}ger, Jacob and Fenske, Wolfram and Meinicke, Jens and Leich, Thomas and Saake, Gunter},
	booktitle = {SPLC},
	pages = {354-361},
	publisher = {ACM},
	title = {{Extracting Software Product Lines: A Cost Estimation Perspective}},
	year = {2016}}

@article{Clements2002-a,
	author = {Clements, Paul C. and Krueger, Charles W.},
	journal = {IEEE Software},
	number = {4},
	pages = {28-30},
	title = {{Point/Counterpoint: Being Proactive Pays Off/Eliminating the Adoption Barrier}},
	volume = {19},
	year = {2002}}

@article{Kruger2017-a,
	author = {Kr{\"{u}}ger, Jacob and Pinnecke, Marcus and Kenner, Andy and Kruczek, Christopher and Benduhn, Fabian and Leich, Thomas and Saake, Gunter},
	journal = {Software: Practice and Experience},
	title = {{Composing Annotations Without Regret? Practical Experiences using FeatureC}},
	year = {2017}}

@article{Biggerstaff1994,
	author = {Biggerstaff, Ted J. and Mitbander, Bharat G. and Webster, Dallas E.},
	journal = {Communications of the ACM},
	number = {5},
	pages = {72-82},
	title = {{Program Understanding and the Concept Assignment Problem}},
	volume = {37},
	year = {1994}}

@inproceedings{Behrang:ASE.2019,
	author = {Behrang, Farnaz and Orso, Alessandro},
	booktitle = {IEEE/ACM International Conference on Automated Software Engineering},
	isbn = {9781728125084},
	keywords = {gui testing, test migration, mobile apps},
	location = {San Diego, California},
	numpages = {12},
	pages = {54--65},
	publisher = {IEEE Press},
	series = {ASE '19},
	title = {Test Migration between Mobile Apps with Similar Functionality},
	year = {2019}}

@inproceedings{harman:FSE-2020,
	author = {Zhao, Yixue and Chen, Justin and Sejfia, Adriana and Laser, Marcelo Schmitt and Zhang, Jie and Sarro, Federica and Harman, Mark and Medvidovic, Nenad},
	booktitle = {The ACM Joint European Software Engineering Conference and Symposium on the Foundations of Software Engineering},
	title = {FrUITeR - A Framework for Evaluating UI test Reuse},
	year = {2020}}

@article{Gang:2018,
	author = {Gang Hu and Linjie Zhu and J. Yang},
	journal = {Proceedings of the 2018 26th ACM Joint Meeting on European Software Engineering Conference and Symposium on the Foundations of Software Engineering},
	title = {AppFlow: using machine learning to synthesize robust, reusable UI tests},
	year = {2018}}

@inproceedings{Rau:2018,
	address = {Cham},
	author = {Rau, Andreas and Hotzkow, Jenny and Zeller, Andreas},
	booktitle = {Web Engineering},
	editor = {Mikkonen, Tommi and Klamma, Ralf and Hern{\'a}ndez, Juan},
	isbn = {978-3-319-91662-0},
	pages = {50--64},
	publisher = {Springer International Publishing},
	title = {Transferring Tests Across Web Application},
	year = {2018}}

@inproceedings{Lin:ASE:2019,
	author = {Lin, Jun-Wei and Jabbarvand, Reyhaneh and Malek, Sam},
	booktitle = {Proceedings of the 34th IEEE/ACM International Conference on Automated Software Engineering},
	isbn = {9781728125084},
	location = {San Diego, California},
	numpages = {12},
	pages = {42--53},
	publisher = {IEEE Press},
	series = {ASE '19},
	title = {Test Transfer across Mobile Apps through Semantic Mapping},
	year = {2019}}

@inproceedings{Memon:2011,
	address = {New York, NY, USA},
	author = {Memon, Atif M. and Soffa, Mary Lou},
	booktitle = {The ACM Joint European Software Engineering Conference and Symposium on the Foundations of Software Engineering},
	isbn = {1581137435},
	location = {Helsinki, Finland},
	numpages = {10},
	pages = {118--127},
	publisher = {Association for Computing Machinery},
	series = {ESEC/FSE-11},
	title = {Regression Testing of GUIs},
	year = {2003}}

@article{geo:2016,
	author = {Z. {Gao} and Z. {Chen} and Y. {Zou} and A. M. {Memon}},
	journal = {IEEE Transactions on Software Engineering},
	number = {2},
	pages = {170-186},
	title = {SITAR: GUI Test Script Repair},
	volume = {42},
	year = {2016}}

@article{Memon:2008,
	address = {New York, NY, USA},
	articleno = {4},
	author = {Memon, Atif M.},
	issn = {1049-331X},
	issue_date = {November 2008},
	journal = {ACM Trans. Softw. Eng. Methodol.},
	keywords = {test maintenance, Graphical user interfaces, test case management, repairing test cases, regression testing},
	month = nov,
	number = {2},
	numpages = {36},
	publisher = {Association for Computing Machinery},
	title = {Automatically Repairing Event Sequence-Based GUI Test Suites for Regression Testing},
	volume = {18},
	year = {2008}}

@inproceedings{Behrang:ISSTA-2018,
	address = {New York, NY, USA},
	author = {Behrang, Farnaz and Orso, Alessandro},
	booktitle = {Proceedings of the 27th ACM SIGSOFT International Symposium on Software Testing and Analysis},
	isbn = {9781450356992},
	keywords = {Automated assessment, test migration, mobile apps},
	location = {Amsterdam, Netherlands},
	numpages = {12},
	pages = {164--175},
	publisher = {Association for Computing Machinery},
	series = {ISSTA 2018},
	title = {{Test Migration for Efficient Large-Scale Assessment of Mobile App Coding Assignments}},
	year = {2018}}

@inproceedings{li.ea:2016:appfamilies,
	author = {Li, Li and Martinez, Jabier and Ziadi, Tewfik and Bissyand{\'e}, Tegawend{\'e} F. and Klein, Jacques and Traon, Yves Le},
	booktitle = {SPLC},
	title = {Mining Families of {{Android}} Applications for Extractive {SPL} Adoption},
	year = {2016}}

@article{mojica.ea:2016:adlibs,
	acmid = {2913893},
	address = {Los Alamitos, CA, USA},
	author = {Mojica Ruiz, Israel J. and Nagappan, Meiyappan and Adams, Bram and Berger, Thorsten and Dienst, Steffen and Hassan, Ahmed E.},
	issn = {0740-7459},
	issue_date = {March 2016},
	journal = {IEEE Softw.},
	month = mar,
	number = {2},
	numpages = {7},
	pages = {74--80},
	publisher = {IEEE Computer Society Press},
	title = {{Analyzing Ad Library Updates in {{Android}} Apps}},
	volume = {33},
	year = {2016}}

@inproceedings{krueger2018marlin,
	author = {Kr\"{u}ger, Jacob and Gu, Wanzi and Shen, Hui and Mukelabai, Mukelabai and Hebig, Regina and Berger, Thorsten},
	booktitle = {Proceedings of the 12th International Workshop on Variability Modelling of Software-Intensive Systems},
	publisher = {Association for Computing Machinery},
	title = {Towards a Better Understanding of Software Features and Their Characteristics: A Case Study of Marlin},
	year = {2018}}

@inproceedings{businge2018appfamilies,
	author = {John Businge and Openja Moses and Sarah Nadi and Engineer Bainomugisha and Thorsten Berger},
	booktitle = {34th IEEE International Conference on Software Maintenance and Evolution (ICSME), Industry Track},
	title = {Clone-Based Variability Management in the {{Android}} Ecosystem},
	year = {2018}}

@inproceedings{Chua:Forking:2017,
	author = {Chua, Bee Bee},
	booktitle = {Pacific Asia Conference on Information Systems},
	date-modified = {2021-10-23 17:31:01 +0200},
	title = {A Survey Paper on Open Source Forking Motivation Reasons and Challenges},
	year = {2017}}
	

@inproceedings{businge:blockchain:2022,
	author = {Henrique Rocha and John Businge},
	booktitle = {5th International Workshop on Blockchain Oriented Software Engineering},
	title = {Blockchain-Oriented Software Variant Forks: A Preliminary Study},
	year = {2022}}

@inproceedings{reinhartz2015analyzing,
	author = {Reinhartz-Berger, Iris and Zamansky, Anna and Kemelman, Mark},
	booktitle = {International Conference on Exploring Modeling Methods for Systems Analysis and Design (EMMSAD)},
	title = {Analyzing variability of cloned artifacts: formal framework and its application to requirements},
	year = {2015}}

@inproceedings{Stanciulescu:2015:forked,
	author = {Stanciulescu, Stefan and Schulze, Sandro and Wasowski, Andrzej},
	booktitle = {International Conference on Software Maintenance and Evolution},
	date-modified = {2021-10-23 17:40:23 +0200},
	publisher = {IEEE},
	title = {Forked and Integrated Variants in an Open-source Firmware Project},
	year = {2015}}

@inproceedings{Kalliamvakou:MSR:2014,
	address = {New York, NY, USA},
	author = {Kalliamvakou, Eirini and Gousios, Georgios and Blincoe, Kelly and Singer, Leif and German, Daniel M. and Damian, Daniela},
	booktitle = {Mining Software Repositories},
	isbn = {9781450328630},
	location = {Hyderabad, India},
	numpages = {10},
	pages = {92--101},
	publisher = {Association for Computing Machinery},
	series = {MSR 2014},
	title = {{The Promises and Perils of Mining GitHub}},
	year = {2014}}

@inproceedings{sung:ICSE:2020,
	author = {Sung, Chungha and Lahiri, Shuvendu K. and Kaufman, Mike and Choudhury, Pallavi and Wang, Chao},
	booktitle = {International Conference on Software Engineering},
	date-modified = {2021-10-23 17:28:48 +0200},
	isbn = {9781450371230},
	location = {Seoul, South Korea},
	pages = {172--181},
	publisher = {ACM},
	title = {Towards Understanding and Fixing Upstream Merge Induced Conflicts in Divergent Forks: An Industrial Case Study},
	year = {2020}}

@inproceedings{jacob2020costs,
	author = {Jacob Krueger and Thorsten Berger},
	booktitle = {The ACM Joint European Software Engineering Conference and Symposium on the Foundations of Software Engineering},
	title = {{An Empirical Analysis of the Costs of Clone- and Platform-Oriented Software Reuse}},
	year = {2020}}

@article{parnas1976design,
	author = {Parnas, D. L.},
	issn = {0098-5589},
	issue_date = {January 1976},
	journal = {IEEE Trans. Softw. Eng.},
	month = jan,
	number = {1},
	numpages = {9},
	pages = {1--9},
	publisher = {IEEE Press},
	title = {{On the Design and Development of Program Families}},
	volume = {2},
	year = {1976}}

@article{Decan:2019:emse,
	address = {USA},
	author = {Decan, Alexandre and Mens, Tom and Grosjean, Philippe},
	issn = {1382-3256},
	issue_date = {February 2019},
	journal = {Empirical Softw. Engg.},
	month = feb,
	number = {1},
	numpages = {36},
	pages = {381--416},
	publisher = {Kluwer Academic Publishers},
	title = {{An Empirical Comparison of Dependency Network Evolution in Seven Software Packaging Ecosystems}},
	volume = {24},
	year = {2019}}
